<record><leader>00000cas a2200000 a 4500</leader><controlfield tag="001">12794079</controlfield><controlfield tag="008">851114d19131913ksuwr ne      0    0eng d</controlfield><datafield ind1=" " ind2=" " tag="010"><subfield code="a">sn 85067145 </subfield></datafield><datafield ind1=" " ind2=" " tag="040"><subfield code="a">KSH</subfield><subfield code="b">eng</subfield><subfield code="c">KSH</subfield><subfield code="d">NPT</subfield><subfield code="d">OCL</subfield><subfield code="d">OCLCQ</subfield></datafield><datafield ind1=" " ind2=" " tag="042"><subfield code="a">msc</subfield></datafield><datafield ind1="0" ind2="0" tag="245"><subfield code="a">North Shawnee chief.</subfield></datafield><datafield ind1=" " ind2=" " tag="260"><subfield code="a">North Topeka, Kan. :</subfield><subfield code="b">Ernest Tucker,</subfield><subfield code="c">1913.</subfield></datafield><datafield ind1=" " ind2=" " tag="300"><subfield code="a">1 v. :</subfield><subfield code="b">ill. ;</subfield><subfield code="c">55 cm.</subfield></datafield><datafield ind1=" " ind2=" " tag="310"><subfield code="a">Weekly</subfield></datafield><datafield ind1="0" ind2=" " tag="362"><subfield code="a">Vol. 1, no. 1 (Apr. 25, 1913)-v. 1, no. 26 (Oct. 17, 1913).</subfield></datafield><datafield ind1=" " ind2=" " tag="752"><subfield code="a">United States</subfield><subfield code="b">Kansas</subfield><subfield code="c">Shawnee</subfield><subfield code="d">Topeka.</subfield></datafield><datafield ind1="0" ind2="0" tag="785"><subfield code="t">Shawnee chief (Topeka, Kan.)</subfield><subfield code="w">(DLC)sn 85067146</subfield></datafield><datafield ind1="1" ind2=" " tag="029"><subfield code="a">AU@</subfield><subfield code="b">000022171178</subfield></datafield></record>